<record><leader>00000cas a2200000 a 4500</leader><controlfield tag="001">11107947</controlfield><controlfield tag="008">840830d19641967inuwr n       0   a0eng d</controlfield><datafield ind1=" " ind2=" " tag="010"><subfield code="a">sn 86058701 </subfield></datafield><datafield ind1=" " ind2=" " tag="040"><subfield code="a">XCA</subfield><subfield code="b">eng</subfield><subfield code="c">XCA</subfield><subfield code="d">NPI</subfield><subfield code="d">OCL</subfield><subfield code="d">OCLCQ</subfield><subfield code="d">OCLCF</subfield><subfield code="d">OCLCO</subfield><subfield code="d">OCL</subfield></datafield><datafield ind1=" " ind2=" " tag="037"><subfield code="b">The Community Press, Inc., 810 N. Range Line Road, Carmel, IN 46032</subfield></datafield><datafield ind1=" " ind2=" " tag="042"><subfield code="a">msc</subfield></datafield><datafield ind1=" " ind2=" " tag="043"><subfield code="a">n-us-in</subfield></datafield><datafield ind1=" " ind2=" " tag="092"><subfield code="a">070</subfield></datafield><datafield ind1="0" ind2=" " tag="130"><subfield code="a">Community courier (Carmel, Ind.)</subfield></datafield><datafield ind1="1" ind2="4" tag="245"><subfield code="a">The community courier.</subfield></datafield><datafield ind1=" " ind2=" " tag="260"><subfield code="a">Carmel, Ind. :</subfield><subfield code="b">Community Press,</subfield><subfield code="c">1964-1967.</subfield></datafield><datafield ind1=" " ind2=" " tag="300"><subfield code="a">4 v. :</subfield><subfield code="b">ill. ;</subfield><subfield code="c">45-59 cm.</subfield></datafield><datafield ind1=" " ind2=" " tag="310"><subfield code="a">Weekly</subfield></datafield><datafield ind1="0" ind2=" " tag="362"><subfield code="a">Vol. 1, no. 1 (Sept. 15, 1964)-v.4, no. 48 (Dec. 5, 1967).</subfield></datafield><datafield ind1=" " ind2="0" tag="650"><subfield code="a">Newspapers.</subfield></datafield><datafield ind1=" " ind2="7" tag="650"><subfield code="a">Newspapers.</subfield><subfield code="2">fast</subfield><subfield code="0">(OCoLC)fst01037111</subfield></datafield><datafield ind1=" " ind2=" " tag="752"><subfield code="a">United States</subfield><subfield code="b">Indiana</subfield><subfield code="c">Hamilton</subfield><subfield code="d">Carmel.</subfield></datafield><datafield ind1="1" ind2=" " tag="029"><subfield code="a">AU@</subfield><subfield code="b">000022692805</subfield></datafield></record>